
@article{griewank1989,
	author = {Griewank, A. },
	journal = {Mathematical Programming: recent developments and applications},
	number = {6},
	pages = {83--107},
	title = {On automatic differentiation},
	volume = {6},
	year = {1989}
	}
@article{griewank1993,
	author = {Griewank, A. and Bischof, G.  and Carle, A. and Williamson, K.},
	journal = {Optimization Methods and Software},
	number = {3-4},
	pages = {321--355},
	title = {Derivative convergence for iterative equation solvers},
	volume = {2},
	year = {1993}
	}
@article{griewank2007,
	author = {Griewank, A. and Walther, A. },
	journal = {SIAM},
	title = {Evaluating derivatives: principles and techniques of algorithmic differentiation},
	year = {2008}
	}
@article{baydin2018,
	author = { Baydin, A. G. and  Pearlmutter, B. A. and   Radul, A. A. and  Siskind, J. M.},
	journal = {J. Mach. Learn. Res.},
	number = {153},
	pages = {1--43},
	title = {Automatic differentiation in machine learning: a survey},
	volume = {18},
	year = {2018}
	}
@article{wengert1964,
	author = {Wengert, R. E. },
	journal = {Communications of the ACM},
	number = {8},
	pages = {463--464},
	title = {A simple automatic derivative evaluation program},
	volume = {7},
	year = {1964}
	}
@article{rumelhart1986,
	author = {Rumelhart, D. E. and Hinton, G. E.  and  Williams, R. J. },
	journal = {Nature},
	number = {6088},
	pages = {533--536},
	title = {Learning representations by back-propagating errors},
	volume = {323},
	year = {1986}
	}
	
@inproceedings{maclaurin2015,
	author = {  Maclaurin, D. and   Duvenaud, D. and  Adams, R.},
	booktitle= {International conference on machine learning},
	publisher = {PMLR},
	pages = {2113--2122},
	title = {Gradient-based hyperparameter optimization through reversible learning},
	year = {2015}
	}
	
@article{elghaoui2021,
	author = { El Ghaoui, L. and  Gu, F. and  Travacca, B. and   Askari, A. and  Tsai, A. },
	journal = {SIAM Journal on Mathematics of Data Science},
	number = {3},
	pages = {930--958},
	title = {Implicit deep learning},
	volume = {3},
	doi={doi: 10.1137/20M1358517}, 
	year = {2021}
	}

@article{bai2019,
	author = { Bai, S. and  Kolter, J. Z. and  Koltun, V.},
	journal = {Advances in Neural Information Processing Systems},
	title = {Deep equilibrium models},
	volume = {32},
	year = {2019},
	}
@book{vaiter2021,
	author = {Vaiter, S. },
	journal = {Habilitation \`a Dirig\'e la  Recherche},
	title = {From  optimization to algorithmic differention: a graph detour},
	year = {2021}
	}		
	
@article{bertrand2020,
	author = { Bertrand, Q. and   Klopfenstein, Q. and  Blondel, M. and   Vaiter, S.  and  Gramfort, A. and  Salmon, J. },
	journal = {In International Conference on Machine Learning},
	publisher = {PMLR},
	pages = {810--821},
	title = {Implicit differentiation of lasso-type models for hyperparameter optimization.},
	year = {2020}
	}
	
@inproceedings{ablin2020,
	author = {Ablin, P. and  Peyré, G.  and  Moreau, T.},
	booktitle= {Proceedings of the 37th {International} {Conference} on {Machinel} {Learning} - {volume} 119  of Proceedings of Machine Learning Research },
	editor={ H. D. III and A. Singh, editors},
	month = {13-18 Jul},
	pages = {32–41},
	publisher = {PMLR},
	series = {{NIPS}'14},
	title = {Super-efficiency of automatic differentiation for functions defined as a minimum},
	year = {2020}
	}	
	
	
@inproceedings{amos2017,
	author = { Amos, B.  and  Kolter, J. Z.},
	booktitle = {{ICML}},
	title = {{OptNet}: Differentiable optimization as a layer in neural networks},
	year = {2017},
	}	
		
	
		
		
@article{shaban2019,
	author = { Shaban, A. and  Cheng, C.-A. and  Hatch, N. and B. Boots},
	journal = {AISTATS},
	pages = {1723–1732},
	title = {Truncated back-propagation for bilevel optimization},
	year = {2010}
	}
	
@article{fung2022,
	author = { Fung, S. W. and Heaton, H. and  Li, Q. and McKenzie, D. and   Osher, S. and  Yin, W.},
	journal = {Proceedings of the AAAI Conference on Artificial Intelligence},
	title = {Jfb: Jacobian-free backpropagation for implicit models},
	year = {2022}
	}
	
@article{beck1994,
	author = {Beck, T. },
	journal = {Journal of Computational and Applied Mathematics,},
	number = {1-3},
	pages = {109-118},
	title = {Automatic differentiation of iterative processes},
	volume = {50},
	year = {1994},
	}

@article{gilbert92, 
	author = {Gilbert, J.-C. },
	journal = {Optimization methods and software},
	number = {1},
	pages = {13-21},
	title = {Automatic differentiation and iterative processes},
	volume = {1},
	year = {1992}
	}
	
@article{iutzeler24, 
	author = {Iutzeler, F. and Pauwels, E. and  Vaiter, S. },
	journal = {arXiv:2405.15894v1},
	title = {Derivatives of Stochastic Gradient Descent},
	year = {2024}
	}
	
@article{bolte22, 
	author = { Bolte, J. and  Pauwels, E.  and Silveti-Falls,  A. },
	journal = {arXiv:2212.07844v1},
	title = {Diﬀerentiating Nonsmooth Solutions to Parametric Monotone Inclusion Problems},
	year = {2022},
	}	
@article{mehmood19, 
	author = { Mehmood, S. and  Oschs, P. },
	journal = {arXiv:2410.15923},
	title = {Automatic Differentiation of Optimization Algorithms with Time-Varying Updates},
	year = {2022},
	}
	
		
@article{liang_activity_2017,
	author = {Liang, J. and Fadili, J. and Peyr{\'e}, G.},
	doi = {10.1137/16M106340X},
	issn = {1052-6234, 1095-7189},
	journal = {SIAM J. Optim.},
	keywords = {Bregmann distance, urgent},
	language = {en},
	month = jan,
	number = {1},
	pages = {408--437},
	title = {Activity {Identification} and {Local} {Linear} {Convergence} of {Forward}--{Backward}-type {Methods}},
	volume = {27},
	year = {2017},
	}
	
	@book{rockafellar_convex_1970,
	author = {Rockafellar, R. T.},
	publisher = {Princeton University Press},
	title = {Convex Analysis},
	year = {1970},
	}
	
	@book{rockafellar_variational_1998,
	address = {Berlin, Heidelberg},
	author = {Rockafellar, R. T. and Wets, R. J. B.},
	doi = {10.1007/978-3-642-02431-3},
	isbn = {978-3-540-62772-2 978-3-642-02431-3},
	language = {en},
	publisher = {Springer Berlin Heidelberg},
	series = {Grundlehren der mathematischen {Wissenschaften}},
	title = {Variational {Analysis}},
	volume = {317},
	year = {1998},
	}
@software{matlab22,
		year={2022}, 
		author={The MathWorks Inc.},
		title={MATLAB version: 9.13.0 (R2022b)},
		publisher={The MathWorks Inc.},
		adress={Natick, Massachusts, United States}, 
		url={https://www.mathworks.com},
		}
@article{nesterov_method_1983,
	author = {Nesterov, Y.},
	journal = {Proceedings of the USSR Academy of Sciences},
	title = {A method for solving the convex programming problem with convergence rate {O}(1/k{\textasciicircum}2)},
	year = {1983},
	}	
@article{polyak_methods_1964,
	author = {Polyak, B. T.},
	journal = {USSR Computational Mathematics and Mathematical Physics},
	month = jan,
	number = {5},
	pages = {1--17},
	title = {Some methods of speeding up the convergence of iteration methods},
	volume = {4},
	year = {1964},
	}	
	
	
	
	